% This is your bibliography file. Add your references here.
% Example entry:
% @article{AuthorYear,
%   author = {Author, A.},
%   year = {Year},
%   title = {Title of the Article},
%   journal = {Journal Name},
%   volume = {Volume},
%   number = {Number},
%   pages = {Pages},
% }
